@article{hafner2018planet,
  title={Learning Latent Dynamics for Planning from Pixels},
  author={Hafner, Danijar and Lillicrap, Timothy and Fischer, Ian and Villegas, Ruben and Ha, David and Lee, Honglak and Davidson, James},
  journal={arXiv preprint arXiv:1811.04551},
  year={2018}
}
@misc{tensorflow2015-whitepaper,
title={{TensorFlow}: Large-Scale Machine Learning on Heterogeneous Systems},
url={http://tensorflow.org/},
note={Software available from tensorflow.org},
author={
    Mart\'{\i}n~Abadi and
    Ashish~Agarwal and
    Paul~Barham and
    Eugene~Brevdo and
    Zhifeng~Chen and
    Craig~Citro and
    Greg~S.~Corrado and
    Andy~Davis and
    Jeffrey~Dean and
    Matthieu~Devin and
    Sanjay~Ghemawat and
    Ian~Goodfellow and
    Andrew~Harp and
    Geoffrey~Irving and
    Michael~Isard and
    Yangqing Jia and
    Rafal~Jozefowicz and
    Lukasz~Kaiser and
    Manjunath~Kudlur and
    Josh~Levenberg and
    Dan~Man\'{e} and
    Rajat~Monga and
    Sherry~Moore and
    Derek~Murray and
    Chris~Olah and
    Mike~Schuster and
    Jonathon~Shlens and
    Benoit~Steiner and
    Ilya~Sutskever and
    Kunal~Talwar and
    Paul~Tucker and
    Vincent~Vanhoucke and
    Vijay~Vasudevan and
    Fernanda~Vi\'{e}gas and
    Oriol~Vinyals and
    Pete~Warden and
    Martin~Wattenberg and
    Martin~Wicke and
    Yuan~Yu and
    Xiaoqiang~Zheng},
  year={2015},
}
@inproceedings{conf/iros/TodorovET12,
  added-at = {2018-11-14T00:00:00.000+0100},
  author = {Todorov, Emanuel and Erez, Tom and Tassa, Yuval},
  biburl = {https://www.bibsonomy.org/bibtex/22218cb5d1a40b6e6c2b6077fdff08fbf/dblp},
  booktitle = {IROS},
  crossref = {conf/iros/2012},
  ee = {https://www.wikidata.org/entity/Q56812558},
  interhash = {869ab290a52bafc47114756b66df3c25},
  intrahash = {2218cb5d1a40b6e6c2b6077fdff08fbf},
  isbn = {978-1-4673-1737-5},
  keywords = {dblp},
  pages = {5026-5033},
  publisher = {IEEE},
  timestamp = {2019-10-17T14:19:43.000+0200},
  title = {MuJoCo: A physics engine for model-based control.},
  url = {http://dblp.uni-trier.de/db/conf/iros/iros2012.html#TodorovET12},
  year = 2012
}
