@article{DBLP:journals/corr/abs-1811-04551,
  author    = {Danijar Hafner and
               Timothy P. Lillicrap and
               Ian Fischer and
               Ruben Villegas and
               David Ha and
               Honglak Lee and
               James Davidson},
  title     = {Learning Latent Dynamics for Planning from Pixels},
  journal   = {CoRR},
  volume    = {abs/1811.04551},
  year      = {2018},
  url       = {http://arxiv.org/abs/1811.04551},
  archivePrefix = {arXiv},
  eprint    = {1811.04551},
  timestamp = {Fri, 23 Nov 2018 12:43:51 +0100},
  biburl    = {https://dblp.org/rec/journals/corr/abs-1811-04551.bib},
  bibsource = {dblp computer science bibliography, https://dblp.org}
}
